@incollection{kamara2010cryptographic,
  title={Cryptographic cloud storage},
  author={Kamara, Seny and Lauter, Kristin},
  booktitle={Financial Cryptography and Data Security},
  pages={136--149},
  year={2010},
  publisher={Springer}
}