@article{Yao2010,
author = {Yao, Jinhui and Chen, Shiping and Nepal, Surya and Levy, David and Zic, John},
doi = {10.1109/CCGRID.2010.17},
file = {:C$\backslash$:/Users/jjMM/Dropbox/Dissertation/Bibliography/4039a600.pdf:pdf},
isbn = {978-1-4244-6987-1},
journal = {2010 10th IEEE/ACM International Conference on Cluster, Cloud and Grid Computing},
keywords = {-trustworthy storage services,services composition},
pages = {600--605},
publisher = {Ieee},
title = {{TrustStore: Making Amazon S3 Trustworthy with Services Composition}},
url = {http://ieeexplore.ieee.org/lpdocs/epic03/wrapper.htm?arnumber=5493417},
year = {2010}
}
@techreport{Intel2012,
author = {Intel},
booktitle = {Intel Survey on Increasing IT Professionals’ Confidence in Cloud Security},
file = {:C$\backslash$:/Users/jjMM/Dropbox/Dissertation/Bibliography/whats-holding-back-the-cloud-peer-research-report2.pdf:pdf},
institution = {Intel},
number = {May},
title = {{What's Holding Back the Cloud ?}},
year = {2012}
}
@article{Laboratories1993,
author = {{Blaze, Matt}, AT\&T Bell Laboratories},
file = {:C$\backslash$:/Users/jjMM/Dropbox/Dissertation/Bibliography/A Cryptographic File System for Unix.pdf:pdf},
isbn = {0897916298},
journal = {1st Conf.- Computer \& Comm. Security},
title = {{A Cryptographic File System for Unix}},
volume = {4},
year = {1993}
}
@article{Subashini2011,
author = {Subashini, S. and Kavitha, V.},
doi = {10.1016/j.jnca.2010.07.006},
file = {:C$\backslash$:/Users/jjMM/Dropbox/Dissertation/Bibliography/A survey on security issues in service delivery models of cloud computing.pdf:pdf},
issn = {10848045},
journal = {Journal of Network and Computer Applications},
keywords = {Cloud computing,Data privacy,Data protection,Security,Virtualization},
month = jan,
number = {1},
pages = {1--11},
publisher = {Elsevier},
title = {{A survey on security issues in service delivery models of cloud computing}},
url = {http://linkinghub.elsevier.com/retrieve/pii/S1084804510001281},
volume = {34},
year = {2011}
}
@article{Zhang2010,
author = {Zhang, Qi and Cheng, Lu and Boutaba, Raouf},
doi = {10.1007/s13174-010-0007-6},
file = {:C$\backslash$:/Users/jjMM/Dropbox/Dissertation/Bibliography/Cloud computing\_state-of-the-art\_and\_research\_challenges.pdf:pdf},
issn = {1867-4828},
journal = {Journal of Internet Services and Applications},
keywords = {cloud computing,data centers,virtualization},
month = apr,
number = {1},
pages = {7--18},
title = {{Cloud computing: state-of-the-art and research challenges}},
url = {http://www.springerlink.com/index/10.1007/s13174-010-0007-6},
volume = {1},
year = {2010}
}
@article{Kamara2010,
author = {Kamara, Seny and Lauter, Kristin},
file = {:C$\backslash$:/Users/jjMM/Dropbox/Dissertation/Bibliography/Cryptographic Cloud Storage.pdf:pdf},
journal = {IFCA/Springer-Verlag Berlin Heidelberg},
pages = {136--149},
title = {{Cryptographic Cloud Storage}},
year = {2010}
}
@misc{Mell2011,
author = {Mell, Peter and Grance, Timothy},
booktitle = {NIST Special Publication 800-145 (Draft)},
file = {:C$\backslash$:/Users/jjMM/Dropbox/Dissertation/Bibliography/The\_NIST\_Definition\_of\_Cloud\_Computing.pdf:pdf},
title = {{The NIST Definition of Cloud Computing ( Draft ) Recommendations of the National Institute of Standards and Technology}},
volume = {145},
year = {2011}
}
@article{Curtmola2006,
author = {Curtmola, Reza and Garay, Juan and Hill, Murray},
file = {:C$\backslash$:/Users/jjMM/Dropbox/Dissertation/Bibliography/Searchable Symmetric Encryption.pdf:pdf},
isbn = {1595935185},
journal = {CCS’06, October 30–November 3, 2006, Alexandria, Virginia, USA.},
keywords = {both solutions enjoy stronger,in fact,previous constant-round schemes,security guarantees than,subtle but serious problems,we point out,with previous notions of},
pages = {79--88},
title = {{Searchable Symmetric Encryption :Improved Definitions and Efficient Constructions}},
year = {2006}
}
@article{Cachin2009,
author = {Cachin, Christian and Shraer, Alexander},
file = {:C$\backslash$:/Users/jjMM/Dropbox/Dissertation/Bibliography/Trusting the Cloud.pdf:pdf},
journal = {ACM SIGACT News},
number = {2},
pages = {81--86},
title = {{Trusting the Cloud}},
volume = {40},
year = {2009}
}
@article{Uppalli2003,
author = {Uppalli, R. and Killian, C.},
doi = {10.1109/MILCOM.2003.1290202},
file = {:C$\backslash$:/Users/jjMM/Desktop/BIBLI/Analysis of Techniques For Building.pdf:pdf},
isbn = {0-7803-8140-8},
journal = {IEEE Military Communications Conference, 2003. MILCOM 2003.},
pages = {729--734},
publisher = {Ieee},
title = {{Analysis of techniques for building intrusion tolerant server systems}},
url = {http://ieeexplore.ieee.org/lpdocs/epic03/wrapper.htm?arnumber=1290202},
volume = {2},
year = {2003}
}
@article{Dillon2010,
author = {Dillon, Tharam and Wu, Chen and Chang, Elizabeth},
doi = {10.1109/AINA.2010.187},
file = {:C$\backslash$:/Users/jjMM/Desktop/BIBLI/Cloud Computing\_Issues and Challenges.pdf:pdf},
isbn = {978-1-4244-6695-5},
journal = {2010 24th IEEE International Conference on Advanced Information Networking and Applications},
keywords = {cloud computing,distributed comptuing,servcice-oriented computing,web services},
pages = {27--33},
publisher = {Ieee},
title = {{Cloud Computing: Issues and Challenges}},
url = {http://ieeexplore.ieee.org/lpdocs/epic03/wrapper.htm?arnumber=5474674},
year = {2010}
}
@article{Dhillon2001,
author = {Dhillon, Gurpreet and Moores, Steve},
doi = {10.1016/S0167-4048(01)00813-6},
file = {:C$\backslash$:/Users/jjMM/Desktop/BIBLI/Computer crimes\_theorizing about the enemy within..pdf:pdf},
issn = {01674048},
journal = {Computers \& Security},
keywords = {computer crime,dishonest or dis-,information security,malicious act,of personal factors,of safeguards,opportunities,these insiders may be,violation,work situations and available},
month = dec,
number = {8},
pages = {715--723},
title = {{Computer crimes: theorizing about the enemy within}},
url = {http://linkinghub.elsevier.com/retrieve/pii/S0167404801008136},
volume = {20},
year = {2001}
}
@article{Information2001,
author = {NIST},
file = {:C$\backslash$:/Users/jjMM/Desktop/BIBLI/Announcing the Advanced Encryption Standard.pdf:pdf},
journal = {Federal Information Processing Standards Publication 197 November},
title = {{Announcing the ADVANCED ENCRYPTION STANDARD ( AES )}},
year = {2001}
}
@techreport{OPSWAT2011,
author = {OPSWAT},
file = {:C$\backslash$:/Users/jjMM/Desktop/BIBLI/OPSWAT-Market-Share-Report-June-2011.pdf:pdf},
institution = {OPSWAT},
number = {June},
title = {{Security Industry Market Share Analysis}},
url = {http://www.opswat.com/sites/default/files/OPSWAT-market-share-report-march-2012.pdf},
year = {2011}
}
@article{National2003,
author = {{National Security Agency}},
file = {:C$\backslash$:/Users/jjMM/Desktop/BIBLI/National Policy on the Use of the Advanced Encryption Standard (AES) to Protect National Security Systems.pdf:pdf},
journal = {CNSS Policy No. 15, Fact Sheet No. 1},
number = {15},
pages = {1--3},
title = {{National Policy on the Use of the Advanced Encryption Standard (AES) to Protect National Security Systems and National Security Information}},
volume = {6716},
year = {2003}
}
@book{Rob1982,
author = {Rob, Dorothy Elizabeth},
edition = {1},
file = {:C$\backslash$:/Users/jjMM/Desktop/BIBLI/cryptology and data security.pdf:pdf},
isbn = {0201101505},
publisher = {Addison-Wesley Publishing Company, Inc.},
title = {{Cryptography and Data Security}},
year = {1982}
}
@article{Ou2005,
author = {Ou, Xinming and Govindavajhala, Sudhakar and Appel, Andrew W},
file = {:C$\backslash$:/Users/jjMM/Desktop/BIBLI/MulVAL\_A Logic-based Network Security Analyzer .pdf:pdf},
journal = {Security '05 Technical Program},
title = {{MulVAL: A Logic-based Network Security Analyzer}},
year = {2005}
}
@article{Xiaodong2000,
author = {Xiaodong, Dawn and David, Song and Adrian, Wagner},
file = {:C$\backslash$:/Users/jjMM/Desktop/BIBLI/Practical Techniques for Searches on Encrypted Data.pdf:pdf},
isbn = {0769506658},
journal = {Security and Privacy, 2000. S$\backslash$\&P 2000. Proceedings. 2000 IEEE Symposium on},
title = {{Practical Techniques for Searches on Encrypted Data £}},
year = {2000}
}
@article{Ghemawat2003,
author = {Ghemawat, Sanjay and Gobioff, Howard and Leung, Shun-Tak},
doi = {10.1145/1165389.945450},
file = {:C$\backslash$:/Users/jjMM/Desktop/BIBLI/The Google File System.pdf:pdf},
isbn = {1581137575},
issn = {01635980},
journal = {ACM SIGOPS Operating Systems Review},
keywords = {clustered storage,data storage,fault tolerance,scalability},
month = dec,
number = {5},
pages = {29},
title = {{The Google file system}},
url = {http://portal.acm.org/citation.cfm?doid=1165389.945450},
volume = {37},
year = {2003}
}
@misc{Kaliski2009,
author = {Kaliski, Burt},
file = {:C$\backslash$:/Users/jjMM/Desktop/BIBLI/TWIRL and RSA Key Size.pdf:pdf},
title = {{TWIRL and RSA Key Size}},
url = {http://citeseerx.ist.psu.edu/viewdoc/download?doi=10.1.1.77.4447\&rep=rep1\&type=pdf},
urldate = {8/19/2013},
year = {2009}
}
@article{Publication2007,
author = {{Elaine Barker, William Barker, William Burr, William Polk}, and Miles Smid},
file = {:C$\backslash$:/Users/jjMM/Desktop/BIBLI/Recommendation for Key management - part 1\_General.pdf:pdf},
journal = {NIST Special Publication 800-57 Part 1, Revised},
title = {{Recommendation for Key Management Part 1: General}},
year = {2007}
}
@article{Bellare1997,
author = {Bellare, M. and Desai, a. and Jokipii, E. and Rogaway, P.},
doi = {10.1109/SFCS.1997.646128},
file = {:C$\backslash$:/Users/jjMM/Desktop/BIBLI/A Concrete Security Treatment of Symmetric Encryption.pdf:pdf},
isbn = {0-8186-8197-7},
journal = {Proceedings 38th Annual Symposium on Foundations of Computer Science},
pages = {394--403},
publisher = {IEEE Comput. Soc},
title = {{A concrete security treatment of symmetric encryption}},
url = {http://ieeexplore.ieee.org/lpdocs/epic03/wrapper.htm?arnumber=646128},
year = {1997}
}
@misc{Mfisk2013,
author = {Mfisk},
file = {:C$\backslash$:/Users/jjMM/Desktop/BIBLI/why map-reduce.pdf:pdf},
title = {{Why Map-Reduce?}},
url = {https://github.com/mfisk/filemap/wiki},
year = {2013}
}
@misc{Dropbox2012,
author = {Dropbox},
title = {{Dropbox Security Overview}},
url = {https://www.dropbox.com/terms/\#security},
year = {2012}
}
@misc{Dropbox2013,
author = {Dropbox},
title = {{How secure is Dropbox?}},
url = {https://www.dropbox.com/help/27/en},
year = {2013}
}
@misc{Icaza2011,
author = {de Icaza, Miguel},
title = {{Dropbox Lack of Security}},
url = {http://tirania.org/blog/archive/2011/Apr-19.html},
year = {2011}
}
@article{Merkle1990,
author = {Merkle, Ralph C},
journal = {Journal of Cryptology},
pages = {43--58},
title = {{A fast software one-way hash function}},
volume = {3},
year = {1990}
}
@misc{BoxCryptor2013,
author = {BoxCryptor},
title = {{BoxCryptor}},
url = {https://www.boxcryptor.com/},
year = {2013}
}
@misc{Hellkamp2013,
author = {Hellkamp, Marcel},
title = {{Bottle: Python Web Framework}},
url = {http://bottlepy.org/docs/dev/},
year = {2013}
}
@article{Vaquero2010,
author = {Vaquero, Luis M. and Rodero-Merino, Luis and Mor\'{a}n, Daniel},
doi = {10.1007/s00607-010-0140-x},
file = {:C$\backslash$:/Users/jjMM/Desktop/BIBLI/Locking the sky\_a survey on IaaS cloud security.pdf:pdf},
issn = {0010-485X},
journal = {Computing},
keywords = {cloud computing,iaas,multitenancy,security},
month = nov,
number = {1},
pages = {93--118},
title = {{Locking the sky: a survey on IaaS cloud security}},
url = {http://link.springer.com/10.1007/s00607-010-0140-x},
volume = {91},
year = {2010}
}
@article{Beaver2003,
author = {Beaver, Donald},
file = {:C$\backslash$:/Users/jjMM/Desktop/BIBLI/Network security and storage security\_symmetries and symmetry-breaking.pdf:pdf},
isbn = {0769518885},
journal = {Proceedings of the First International IEEE Security in Storage Workshop (SISW’02)},
title = {{Network security and storage security: symmetries and symmetry-breaking}},
year = {2003}
}
@article{ErikRiedelMaheshKallahalla2002,
author = {{Erik Riedel, Mahesh Kallahalla}, and Ram Swaminathan},
journal = {FAST},
pages = {15--30},
title = {{A framework for evaluating storage system security}},
url = {https://www.usenix.org/legacy/publications/library/proceedings/fast02/full\_papers/riedel/riedel\_html/index.html},
year = {2002}
}
@misc{Yadav2008,
author = {Yadav, Satyendra},
file = {:C$\backslash$:/Users/jjMM/Desktop/BIBLI/METHOD AND APPARATUS FOR .pdf:pdf},
number = {12},
title = {{METHOD AND APPARATUS FOR PROVIDING DISCRETE DATA STORAGE SECURITY}},
volume = {2},
year = {2008}
}
@article{Kumar2010,
author = {Kumar, P. Syam and Subramanian, R. and Selvam, D. Thamizh},
doi = {10.1109/PDGC.2010.5679900},
file = {:C$\backslash$:/Users/jjMM/Desktop/BIBLI/Ensuring Data Storage Security in Cloud Computing using Sobol Sequence .pdf:pdf},
isbn = {978-1-4244-7675-6},
journal = {2010 First International Conference On Parallel, Distributed and Grid Computing (PDGC 2010)},
keywords = {availability,cloud computing,data storage security,integrity,pseudorandom data,reliability,sobol},
month = oct,
pages = {217--222},
publisher = {Ieee},
title = {{Ensuring data storage security in cloud computing using Sobol Sequence}},
url = {http://ieeexplore.ieee.org/lpdocs/epic03/wrapper.htm?arnumber=5679900},
year = {2010}
}
